%% LaTeX2e file `simple.bib'
%% generated by the `filecontents' environment
%% from source `simple' on 2019/05/16.
%%
@book{key,
author = {Author, A.},
year = {2001},
title = {Title},
publisher = {Publisher},
}
